@inproceedings{Lundberg2017,
  title={A unified approach to interpreting model predictions},
  author={Lundberg, Scott M and Lee, Su-In},
  booktitle={Advances in neural information processing systems},
  pages={4765--4774},
  year={2017}
}
@inproceedings{Ribeiro2016,
author = {Ribeiro, Marco Tulio and Singh, Sameer and Guestrin, Carlos},
title = {“Why Should I Trust You?”: Explaining the Predictions of Any Classifier},
year = {2016},
isbn = {9781450342322},
publisher = {Association for Computing Machinery},
address = {New York, NY, USA},
url = {https://doi.org/10.1145/2939672.2939778},
doi = {10.1145/2939672.2939778},
booktitle = {Proceedings of the 22nd ACM SIGKDD International Conference on Knowledge Discovery and Data Mining},
pages = {1135–1144},
numpages = {10},
keywords = {black box classifier, interpretability, explaining machine learning, interpretable machine learning},
location = {San Francisco, California, USA},
series = {KDD ’16}
}
@inproceedings{Aggarwal2001_b,
  title={Outlier detection for high dimensional data},
  author={Aggarwal, Charu C and Yu, Philip S},
  booktitle={Proceedings of the 2001 ACM SIGMOD international conference on Management of data},
  pages={37--46},
  year={2001}
}
@INPROCEEDINGS{Aggarwal2001,
       author = {{Aggarwal}, Charu C. and {Hinneburg}, Alexander and {Keim}, Daniel A.},
        title = "{On the Surprising Behavior of Distance Metrics in High Diemensional Space}",
    booktitle = { Database theory, ICTD 200, 8th International Conference, London, UK, January 4-6, 2001},
         year = "2001",
       %volume = {8},
        pages = {15}
}@INPROCEEDINGS{LiuFT2008,
       author = {{Liu}, Fei Tony and {Ting}, Kai Ming and {Zhou}, Zhi-Hua},
        title = "{Isolation Forest}",
    booktitle = { 2008 Eighth IEEE International Conference on Data Mining, Pisa, 2008},
         year = "2008",
       volume = {8},
        pages = {9}
}
@INPROCEEDINGS{Rotman2019,
       author = {{Rotman}, Michael and {Reis}, Itamar and {Poznanski}, Dovi and {Wolf}, Lior },
        title = "{Detect the Unexpected: Novelty Detection in Large Astrophysical Surveys using Fisher Vectors}",
    booktitle = {Proceedings of the 11th International Joint Conference on Knowledge Discovery, Knowledge Engineering and Knowledge Management (IC3K 2019)},
         year = "2019",
       volume = {11},
        pages = {11}
}
@INPROCEEDINGS{Moravec2019,
       author = {{Moravec}, Emily and {Alpasian}, Mehmet and {Amon}, Alexandra and
         {Armentrout}, Will and {Arney}, Giada and {Barron}, Darcy and
         {Bellm}, Eric and {Bender}, Amy and {Bridge}, Joanna and
         {Colon}, Knicole and {Czekala}, Ian and {Datta}, Rahul and
         {DeRoo}, Casey and {Feng}, Wanda and {Florian}, Michael and
         {Follette}, Katherine and {Gabriel}, Travis and {Hall}, Kirsten and
         {Hamden}, Erika and {Hathi}, Nimish and {Hawkins}, Keith and
         {Hoadley}, Keri and {Jensen-Clem}, Rebecca and {Kao}, Melodie and
         {Kara}, Erin and {Karkare}, Kirit and {Kiessling}, Alina and
         {Kimball}, Amy and {Kirkpatrick}, Allison and {La Plante}, Paul and
         {Leisenring}, Jarron and {Li}, Miao and {Lomax}, Jamie and
         {Lund}, Mike and {McCleary}, Jacqueline and {Mills}, Elisabeth and
         {Montiel}, Edward and {Nelson}, Nicholas and {Nevin}, Rebecca and
         {Norris}, Ryan and {Ntampaka}, Michelle and {O'Donnell}, Christine and
         {Peretz}, Eliad and {Plazas Malagon}, Andres and
         {Prescod-Weinstein}, Chanda and {Pullen}, Anthony and {Rice}, Jared and
         {Roettenbacher}, Rachael and {Sanderson}, Robyn and {Simon}, Joseph and
         {Smith}, Krista Lynne and {Stevenson}, Kevin and {Veach}, Todd and
         {Wetzel}, Andrew and {Youngblood}, Allison},
        title = "{The Early Career Perspective on the Coming Decade, Astrophysics Career Paths, and the Decadal Survey Process}",
     keywords = {Astrophysics - Instrumentation and Methods for Astrophysics},
    booktitle = {\baas},
         year = "2019",
       volume = {51},
        month = "Sep",
          eid = {8},
        pages = {8},
archivePrefix = {arXiv},
       eprint = {1907.01676},
 primaryClass = {astro-ph.IM},
       adsurl = {https://ui.adsabs.harvard.edu/abs/2019BAAS...51g...8M},
      adsnote = {Provided by the SAO/NASA Astrophysics Data System}
}

