@online{LIMEKulma,
  author = {{Kulma}, Kasia},
  title = {Interpretable Machine Learning Using LIME Framework},
  year = 2020,
  Note = {\href{https://youtu.be/CY3t11vuuOM}{https://youtu.be/CY3t11vuuOM}},
  url = {https://youtu.be/CY3t11vuuOM},
  urldate = {2020-07-18}
}
@online{InvestopediaShapley,
  author = {{Kenton}, Will},
  title = {Shapley Value},
  year = 2020,
  Note = {\href{https://bit.ly/3nd9rvJ}{https://bit.ly/3nd9rvJ}},
  url = {https://www.investopedia.com/terms/s/shapley-value.asp#:~:text=Essentially%2C%20the%20Shapley%20value%20is,fair%20approach%20to%20allocating%20value.},
  urldate = {2020-07-18}
}
@online{LSSTweb,
  author = {{LSST collaboration}},
  title = {About LSST},
  year = 2019,
  Note = {\href{https://www.lsst.org/about}{https://www.lsst.org/about}},
  url = {https://www.lsst.org/about},
  urldate = {2019-12-02}
}
@online{Sriram,
  author = {Parthasarathy, Sriram},
  title = {Machine Learning vs. Traditional Programming},
  year = 2019,
  Note = {\href{https://bit.ly/3jlw7ry}{https://bit.ly/3jlw7ry}},
  url = {https://www.logianalytics.com/predictive-analytics/machine-learning-vs-traditional-programming/},
  urldate = {2019-12-02}
}
@online{Philip2019,
  author = {Diamond, Philip},
  title = {The Square Kilometre Array: A Physics Machine for the 21st Century},
  year = 2019,
  Note = {\href{https://bit.ly/3jmC0o9}{https://bit.ly/3jmC0o9}},
  url = {https://www.spie.org/news/as14_diamond?SSO=1},
  urldate = {2019-12-16}
}
@online{SKAweb,
  author = {{SKA collaboration}},
  title = {The Square Kilometre Array:Facts and figures},
  year = 2019,
  Note = {\href{http://www.skatelescope.org/about/facts-figures/}{http://www.skatelescope.org/about/facts-figures/}},
  url = {http://www.skatelescope.org/about/facts-figures/},
  urldate = {2019-12-16}
}
@online{SDSSweb,
  author = {{SDSS collaboration}},
  title = {The Sloan Digital Sky Survey: Mapping the Universe},
  year = 2019,
  Note = {\href{https://www.sdss.org/}{https://www.sdss.org/}},
  url = {https://www.sdss.org/},
  urldate = {2019-12-16}
}

