@book{Molnar2020,
  title={Interpretable Machine Learning},
  author={Molnar, Christoph},
  year={2020},
  publisher={Lulu. com}
}
@book{Oneil2016,
  author    = {O'Neil, Cathy},
  title     = {Weapons of Math Destruction: How Big Data increases inequality and threatens democracy},
  publisher = {Crown Books},
  year      = 2016,
  edition   = 1,
  isbn      = {0553418815}
}
@BOOK{IvezicBook2014,
       author = {{Ivezi{\'c}}, {\v{Z}}eljko and {Connelly}, Andrew J. and {Vand
        erPlas}, Jacob T. and {Gray}, Alexander},
        title = "{Statistics, Data Mining, and Machine Learning in Astronomy}",
         year = "2014",
       adsurl = {https://ui.adsabs.harvard.edu/abs/2014sdmm.book.....I},
      adsnote = {Provided by the SAO/NASA Astrophysics Data System}
}
@book{Aggarwal2017,
  author    = {Charu C. Aggarwal},
  title     = {Outlier Analysis},
  publisher = {Springer International Publishing},
  year      = 2017,
  edition   = 2,
  isbn      = {978-3-319-47578-3}
}
@book{Geron2017,
  author    = {G{\'{e}}ron, Aur{\'{e}}lien},
  title     = {Hands-On Machine Learning with Scikit-Learn and TensorFlow},
  publisher = {Oâ€™Reilly Media, Inc.},
  year      = 2017,
  edition   = 2,
  month     = 3,
  isbn      = {9781491962282}
}
@book{Hastie2009,
  author = {Hastie, Trevor and Tibshirani, Robert and Jerome, Friedman},
  title = {The Elements of Statistical Learning: Data Mining, Inference, and Prediction},
  publisher = {Springer-Verlag New York},
  year = 2009,
  edition = 2,
  isbn = {978-0-387-84858-7},
}
@book{Hawkins1980,
  author = {D. Hawkins},
  title = {Identification of Outliers},
  publisher = {Springer Netherlands},
  year = 1980,
  edition = 1,
  isbn = {978-94-015-3994-4},
}
@book{Patel2019,
  author = {Patel, Ankur A},
  title = {Hands-On Unsupervised Learning Using Python: How to Build Applied Machine Learning Solutions from Unlabeled Data},
  publisher = {O'Reilly Media, Inc.},
  year = {2019},
  month     = 3,
  isbn = {9781492035633},
}
