@inproceedings{ribeiro2016,
author = {Ribeiro, Marco Tulio and Singh, Sameer and Guestrin, Carlos},
title = {“Why Should I Trust You?”: Explaining the Predictions of Any Classifier},
year = {2016},
isbn = {9781450342322},
publisher = {Association for Computing Machinery},
address = {New York, NY, USA},
url = {https://doi.org/10.1145/2939672.2939778},
doi = {10.1145/2939672.2939778},
booktitle = {Proceedings of the 22nd ACM SIGKDD International Conference on Knowledge Discovery and Data Mining},
pages = {1135–1144},
numpages = {10},
keywords = {black box classifier, interpretability, explaining machine learning, interpretable machine learning},
location = {San Francisco, California, USA},
series = {KDD ’16}
}
