@ARTICLE{law2016,
       author = {{Law}, David R. and {Cherinka}, Brian and {Yan}, Renbin and {Andrews}, Brett H. and {Bershady}, Matthew A. and {Bizyaev}, Dmitry and {Blanc}, Guillermo A. and {Blanton}, Michael R. and {Bolton}, Adam S. and {Brownstein}, Joel R. and {Bundy}, Kevin and {Chen}, Yanmei and {Drory}, Niv and {D'Souza}, Richard and {Fu}, Hai and {Jones}, Amy and {Kauffmann}, Guinevere and {MacDonald}, Nicholas and {Masters}, Karen L. and {Newman}, Jeffrey A. and {Parejko}, John K. and {S{\'a}nchez-Gallego}, Jos{\'e} R. and {S{\'a}nchez}, Sebastian F. and {Schlegel}, David J. and {Thomas}, Daniel and {Wake}, David A. and {Weijmans}, Anne-Marie and {Westfall}, Kyle B. and {Zhang}, Kai},
        title = "{The Data Reduction Pipeline for the SDSS-IV MaNGA IFU Galaxy Survey}",
      journal = {\aj},
     keywords = {methods: data analysis, surveys, techniques: imaging spectroscopy, Astrophysics - Instrumentation and Methods for Astrophysics},
         year = 2016,
        month = oct,
       volume = {152},
       number = {4},
          eid = {83},
        pages = {83},
          doi = {10.3847/0004-6256/152/4/83},
archivePrefix = {arXiv},
       eprint = {1607.08619},
 primaryClass = {astro-ph.IM},
       adsurl = {https://ui.adsabs.harvard.edu/abs/2016AJ....152...83L},
      adsnote = {Provided by the SAO/NASA Astrophysics Data System}
}

@ARTICLE{bundy2015,
       author = {{Bundy}, Kevin and {Bershady}, Matthew A. and {Law}, David R. and {Yan}, Renbin and {Drory}, Niv and {MacDonald}, Nicholas and {Wake}, David A. and {Cherinka}, Brian and {S{\'a}nchez-Gallego}, Jos{\'e} R. and {Weijmans}, Anne-Marie and {Thomas}, Daniel and {Tremonti}, Christy and {Masters}, Karen and {Coccato}, Lodovico and {Diamond-Stanic}, Aleksandar M. and {Arag{\'o}n-Salamanca}, Alfonso and {Avila-Reese}, Vladimir and {Badenes}, Carles and {Falc{\'o}n-Barroso}, J{\'e}sus and {Belfiore}, Francesco and {Bizyaev}, Dmitry and {Blanc}, Guillermo A. and {Bland-Hawthorn}, Joss and {Blanton}, Michael R. and {Brownstein}, Joel R. and {Byler}, Nell and {Cappellari}, Michele and {Conroy}, Charlie and {Dutton}, Aaron A. and {Emsellem}, Eric and {Etherington}, James and {Frinchaboy}, Peter M. and {Fu}, Hai and {Gunn}, James E. and {Harding}, Paul and {Johnston}, Evelyn J. and {Kauffmann}, Guinevere and {Kinemuchi}, Karen and {Klaene}, Mark A. and {Knapen}, Johan H. and {Leauthaud}, Alexie and {Li}, Cheng and {Lin}, Lihwai and {Maiolino}, Roberto and {Malanushenko}, Viktor and {Malanushenko}, Elena and {Mao}, Shude and {Maraston}, Claudia and {McDermid}, Richard M. and {Merrifield}, Michael R. and {Nichol}, Robert C. and {Oravetz}, Daniel and {Pan}, Kaike and {Parejko}, John K. and {Sanchez}, Sebastian F. and {Schlegel}, David and {Simmons}, Audrey and {Steele}, Oliver and {Steinmetz}, Matthias and {Thanjavur}, Karun and {Thompson}, Benjamin A. and {Tinker}, Jeremy L. and {van den Bosch}, Remco C.~E. and {Westfall}, Kyle B. and {Wilkinson}, David and {Wright}, Shelley and {Xiao}, Ting and {Zhang}, Kai},
        title = "{Overview of the SDSS-IV MaNGA Survey: Mapping nearby Galaxies at Apache Point Observatory}",
      journal = {\apj},
     keywords = {galaxies: evolution, galaxies: general, surveys, techniques: imaging spectroscopy, Astrophysics - Astrophysics of Galaxies},
         year = 2015,
        month = jan,
       volume = {798},
       number = {1},
          eid = {7},
        pages = {7},
          doi = {10.1088/0004-637X/798/1/7},
archivePrefix = {arXiv},
       eprint = {1412.1482},
 primaryClass = {astro-ph.GA},
       adsurl = {https://ui.adsabs.harvard.edu/abs/2015ApJ...798....7B},
      adsnote = {Provided by the SAO/NASA Astrophysics Data System}
}

@ARTICLE{ahumada2020,
       author = {{Ahumada}, Romina and {Prieto}, Carlos Allende and
         {Almeida}, Andr{\'e}s and {Anders}, Friedrich and {Anderson}, Scott F. and
         {Andrews}, Brett H. and {Anguiano}, Borja and {Arcodia}, Riccardo and
         {Armengaud}, Eric and {Aubert}, Marie and {Avila}, Santiago and
         {Avila-Reese}, Vladimir and {Badenes}, Carles and {Balland
        }, Christophe and {Barger}, Kat and {Barrera-Ballesteros}, Jorge K. and
         {Basu}, Sarbani and {Bautista}, Julian and {Beaton}, Rachael L. and
         {Beers}, Timothy C. and {Benavides}, B. Izamar T. and
         {Bender}, Chad F. and {Bernardi}, Mariangela and {Bershady}, Matthew and
         {Beutler}, Florian and {Bidin}, Christian Moni and {Bird}, Jonathan and
         {Bizyaev}, Dmitry and {Blanc}, Guillermo A. and {Blanton}, Michael R. and
         {Boquien}, M{\'e}d{\'e}ric and {Borissova}, Jura and {Bovy}, Jo and {Brand
        t}, W.~N. and {Brinkmann}, Jonathan and {Brownstein}, Joel R. and
         {Bundy}, Kevin and {Bureau}, Martin and {Burgasser}, Adam and
         {Burtin}, Etienne and {Cano-D{\'\i}az}, Mariana and
         {Capasso}, Raffaella and {Cappellari}, Michele and {Carrera}, Ricardo and
         {Chabanier}, Sol{\`e}ne and {Chaplin}, William and {Chapman}, Michael and
         {Cherinka}, Brian and {Chiappini}, Cristina and {Doohyun Choi}, Peter and
         {Chojnowski}, S. Drew and {Chung}, Haeun and {Clerc}, Nicolas and
         {Coffey}, Damien and {Comerford}, Julia M. and {Comparat}, Johan and
         {da Costa}, Luiz and {Cousinou}, Marie-Claude and {Covey}, Kevin and
         {Crane}, Jeffrey D. and {Cunha}, Katia and {Ilha}, Gabriele da Silva and
         {Dai}, Yu Sophia and {Damsted}, Sanna B. and {Darling}, Jeremy and
         {Davidson}, James W., Jr. and {Davies}, Roger and {Dawson}, Kyle and
         {De}, Nikhil and {de la Macorra}, Axel and {De Lee}, Nathan and
         {Queiroz}, Anna B{\'a}rbara de Andrade and {Deconto Machado}, Alice and
         {de la Torre}, Sylvain and {Dell'Agli}, Flavia and
         {du Mas des Bourboux}, H{\'e}lion and {Diamond-Stanic}, Aleksandar M. and
         {Dillon}, Sean and {Donor}, John and {Drory}, Niv and
         {Duckworth}, Chris and {Dwelly}, Tom and {Ebelke}, Garrett and
         {Eftekharzadeh}, Sarah and {Davis Eigenbrot}, Arthur and
         {Elsworth}, Yvonne P. and {Eracleous}, Mike and
         {Erfanianfar}, Ghazaleh and {Escoffier}, Stephanie and {Fan}, Xiaohui and
         {Farr}, Emily and {Fern{\'a}ndez-Trincado}, Jos{\'e} G. and
         {Feuillet}, Diane and {Finoguenov}, Alexis and {Fofie}, Patricia and
         {Fraser-McKelvie}, Amelia and {Frinchaboy}, Peter M. and
         {Fromenteau}, Sebastien and {Fu}, Hai and {Galbany}, Llu{\'\i}s and
         {Garcia}, Rafael A. and {Garc{\'\i}a-Hern{\'a}ndez}, D.~A. and
         {Oehmichen}, Luis Alberto Garma and {Ge}, Junqiang and
         {Maia}, Marcio Antonio Geimba and {Geisler}, Doug and {Gelfand
        }, Joseph and {Goddy}, Julian and {Gonzalez-Perez}, Violeta and
         {Grabowski}, Kathleen and {Green}, Paul and {Grier}, Catherine J. and
         {Guo}, Hong and {Guy}, Julien and {Harding}, Paul and
         {Hasselquist}, Sten and {Hawken}, Adam James and {Hayes}, Christian R. and
         {Hearty}, Fred and {Hekker}, S. and {Hogg}, David W. and
         {Holtzman}, Jon A. and {Horta}, Danny and {Hou}, Jiamin and
         {Hsieh}, Bau-Ching and {Huber}, Daniel and {Hunt}, Jason A.~S. and
         {Chitham}, J. Ider and {Imig}, Julie and {Jaber}, Mariana and
         {Angel}, Camilo Eduardo Jimenez and {Johnson}, Jennifer A. and
         {Jones}, Amy M. and {J{\"o}nsson}, Henrik and {Jullo}, Eric and
         {Kim}, Yerim and {Kinemuchi}, Karen and {Kirkpatrick}, Charles C., IV and
         {Kite}, George W. and {Klaene}, Mark and {Kneib}, Jean-Paul and
         {Kollmeier}, Juna A. and {Kong}, Hui and {Kounkel}, Marina and
         {Krishnarao}, Dhanesh and {Lacerna}, Ivan and {Lan}, Ting-Wen and
         {Lane}, Richard R. and {Law}, David R. and {Le Goff}, Jean-Marc and
         {Leung}, Henry W. and {Lewis}, Hannah and {Li}, Cheng and
         {Lian}, Jianhui and {Lin}, Lihwai and {Long}, Dan and
         {Longa-Pe{\~n}a}, Pen{\'e}lope and {Lundgren}, Britt and
         {Lyke}, Brad W. and {Ted Mackereth}, J. and {MacLeod}, Chelsea L. and
         {Majewski}, Steven R. and {Manchado}, Arturo and {Maraston}, Claudia and
         {Martini}, Paul and {Masseron}, Thomas and {Masters}, Karen L. and
         {Mathur}, Savita and {McDermid}, Richard M. and {Merloni}, Andrea and
         {Merrifield}, Michael and {M{\'e}sz{\'a}ros}, Szabolcs and
         {Miglio}, Andrea and {Minniti}, Dante and {Minsley}, Rebecca and
         {Miyaji}, Takamitsu and {Mohammad}, Faizan Gohar and {Mosser}, Benoit and
         {Mueller}, Eva-Maria and {Muna}, Demitri and
         {Mu{\~n}oz-Guti{\'e}rrez}, Andrea and {Myers}, Adam D. and
         {Nadathur}, Seshadri and {Nair}, Preethi and {Nandra}, Kirpal and
         {do Nascimento}, Janaina Correa and {Nevin}, Rebecca Jean and
         {Newman}, Jeffrey A. and {Nidever}, David L. and
         {Nitschelm}, Christian and {Noterdaeme}, Pasquier and
         {O'Connell}, Julia E. and {Olmstead}, Matthew D. and {Oravetz}, Daniel and
         {Oravetz}, Audrey and {Osorio}, Yeisson and {Pace}, Zachary J. and
         {Padilla}, Nelson and {Palanque-Delabrouille}, Nathalie and
         {Palicio}, Pedro A. and {Pan}, Hsi-An and {Pan}, Kaike and
         {Parker}, James and {Paviot}, Romain and {Peirani}, Sebastien and
         {Ram{\'r}ez}, Karla Pe{\~n}a and {Penny}, Samantha and
         {Percival}, Will J. and {Perez-Fournon}, Ismael and
         {P{\'e}rez-R{\`a}fols}, Ignasi and {Petitjean}, Patrick and
         {Pieri}, Matthew M. and {Pinsonneault}, Marc and
         {Poovelil}, Vijith Jacob and {Povick}, Joshua Tyler and
         {Prakash}, Abhishek and {Price-Whelan}, Adrian M. and
         {Raddick}, M. Jordan and {Raichoor}, Anand and {Ray}, Amy and
         {Rembold}, Sandro Barboza and {Rezaie}, Mehdi and {Riffel}, Rogemar A. and
         {Riffel}, Rog{\'e}rio and {Rix}, Hans-Walter and {Robin}, Annie C. and
         {Roman-Lopes}, A. and {Rom{\'a}n-Z{\'u}{\~n}iga}, Carlos and
         {Rose}, Benjamin and {Ross}, Ashley J. and {Rossi}, Graziano and {Rowland
        s}, Kate and {Rubin}, Kate H.~R. and {Salvato}, Mara and
         {S{\'a}nchez}, Ariel G. and {S{\'a}nchez-Menguiano}, Laura and
         {S{\'a}nchez-Gallego}, Jos{\'e} R. and {Sayres}, Conor and
         {Schaefer}, Adam and {Schiavon}, Ricardo P. and
         {Schimoia}, Jaderson S. and {Schlafly}, Edward and {Schlegel}, David and
         {Schneider}, Donald P. and {Schultheis}, Mathias and {Schwope}, Axel and
         {Seo}, Hee-Jong and {Serenelli}, Aldo and {Shafieloo}, Arman and
         {Shamsi}, Shoaib Jamal and {Shao}, Zhengyi and {Shen}, Shiyin and
         {Shetrone}, Matthew and {Shirley}, Raphael and
         {Aguirre}, V{\'\i}ctor Silva and {Simon}, Joshua D. and
         {Skrutskie}, M.~F. and {Slosar}, An{\v{z}}e and {Smethurst}, Rebecca and
         {Sobeck}, Jennifer and {Sodi}, Bernardo Cervantes and {Souto}, Diogo and
         {Stark}, David V. and {Stassun}, Keivan G. and {Steinmetz}, Matthias and
         {Stello}, Dennis and {Stermer}, Julianna and
         {Storchi-Bergmann}, Thaisa and {Streblyanska}, Alina and
         {Stringfellow}, Guy S. and {Stutz}, Amelia and {Su{\'a}rez}, Genaro and
         {Sun}, Jing and {Taghizadeh-Popp}, Manuchehr and {Talbot}, Michael S. and
         {Tayar}, Jamie and {Thakar}, Aniruddha R. and {Theriault}, Riley and
         {Thomas}, Daniel and {Thomas}, Zak C. and {Tinker}, Jeremy and
         {Tojeiro}, Rita and {Toledo}, Hector Hernandez and
         {Tremonti}, Christy A. and {Troup}, Nicholas W. and {Tuttle}, Sarah and
         {Unda-Sanzana}, Eduardo and {Valentini}, Marica and
         {Vargas-Gonz{\'a}lez}, Jaime and {Vargas-Maga{\~n}a}, Mariana and
         {V{\'a}zquez-Mata}, Jose Antonio and {Vivek}, M. and {Wake}, David and
         {Wang}, Yuting and {Weaver}, Benjamin Alan and {Weijmans}, Anne-Marie and
         {Wild}, Vivienne and {Wilson}, John C. and {Wilson}, Robert F. and
         {Wolthuis}, Nathan and {Wood-Vasey}, W.~M. and {Yan}, Renbin and
         {Yang}, Meng and {Y{\`e}che}, Christophe and {Zamora}, Olga and
         {Zarrouk}, Pauline and {Zasowski}, Gail and {Zhang}, Kai and
         {Zhao}, Cheng and {Zhao}, Gongbo and {Zheng}, Zheng and {Zheng}, Zheng and
         {Zhu}, Guangtun and {Zou}, Hu},
        title = "{The 16th Data Release of the Sloan Digital Sky Surveys: First Release from the APOGEE-2 Southern Survey and Full Release of eBOSS Spectra}",
      journal = {\apjs},
     keywords = {786, 2002, 1630, 83, 1624, 1174, 1378, Astrophysics - Astrophysics of Galaxies, Astrophysics - Cosmology and Nongalactic Astrophysics, Astrophysics - Instrumentation and Methods for Astrophysics},
         year = 2020,
        month = jul,
       volume = {249},
       number = {1},
          eid = {3},
        pages = {3},
          doi = {10.3847/1538-4365/ab929e},
archivePrefix = {arXiv},
       eprint = {1912.02905},
 primaryClass = {astro-ph.GA},
       adsurl = {https://ui.adsabs.harvard.edu/abs/2020ApJS..249....3A},
      adsnote = {Provided by the SAO/NASA Astrophysics Data System}
}

